000095841 FMT   L BK
000095841 LDR   L ^^^^^cam^a2201105zi^4500
000095841 001   L 000095841
000095841 005   L 20151222214049.0
000095841 008   L 940307s1994^^^^fi^|||||||||||||||||fin||
000095841 015   L $$afx353859$$2skl
000095841 020   L $$a951-0-19440-9$$qsidottu
000095841 035   L $$a(FI-MELINDA)000095841
000095841 040   L $$aFI-NL
000095841 0411  L $$afin$$heng
000095841 042   L $$afinb
000095841 072 7 L $$a06$$2kkaa
000095841 080   L $$a524.8
000095841 080   L $$a529
000095841 080   L $$a530.1
000095841 080   L $$a52$$9FENNI<KEEP>
000095841 080   L $$a53$$9FENNI<KEEP>
000095841 080   L $$a521
000095841 084   L $$a52.2$$2ykl$$9FENNI<KEEP>
000095841 1001  L $$aHawking, Stephen.
000095841 24012 L $$aA brief history of time
000095841 24510 L $$aAjan lyhyt historia :$$balkuräjähdyksestä mustiin aukkoihin /$$cStephen W. Hawking ; alkusanat: Carl Sagan ; piirrokset: Ron Miller ; suomentanut Risto Varteva.
000095841 250   L $$a7. p.
000095841 260   L $$aPorvoo ;$$aHelsinki ;$$aJuva :$$bWSOY,$$c1994.
000095841 300   L $$aXI, 193 s. :$$bkuvitettu ;$$c23 cm
000095841 336   L $$ateksti$$btxt$$2rdacontent
000095841 337   L $$akäytettävissä ilman laitetta$$bn$$2rdamedia
000095841 338   L $$anide$$bnc$$2rdacarrier
000095841 500   L $$a6. p. 1990$$9FENNI<KEEP>
000095841 500   L $$aLisäpainokset: 2.-3. p. 1988. - 4.-5. p. 1989. - 6. p. 1990.
000095841 500   L $$aLisäpainokset: 8. p. 1999.$$9FENNI<KEEP>
000095841 500   L $$aPAINOS LOPPU.
000095841 650 7 L $$aaika$$xhistoria$$2ysa
000095841 650 7 L $$akosmologia$$2ysa
000095841 650 7 L $$amaailmankaikkeus$$2ysa$$9FENNI<KEEP>
000095841 650 7 L $$akvarkit$$2ysa$$9FENNI<KEEP>
000095841 650 7 L $$asuhteellisuusteoria$$2ysa$$9FENNI<KEEP>
000095841 650 7 L $$amustat aukot$$2ysa$$9FENNI<KEEP>
000095841 650 7 L $$aalkuräjähdys$$2ysa$$9FENNI<KEEP>
000095841 650 7 L $$aaika$$2ysa$$9FENNI<KEEP>
000095841 650 7 L $$amaailmankaikkeuden synty$$2ysa$$9FENNI<KEEP>
000095841 650 7 L $$akvarkar$$2allars
000095841 650 7 L $$arelativitetsteori$$2allars
000095841 650 7 L $$auniversums uppkomst$$2allars
000095841 650 7 L $$atid$$2allars
000095841 650 7 L $$asvarta hål$$2allars
000095841 7001  L $$aSagan, Carl.
000095841 7001  L $$aVarteva, Risto.
000095841 7400  L $$aAlkuräjähdyksestä mustiin aukkoihin.
000095841 SID   L $$c458170$$bjykdo
000095841 SID   L $$c339448$$boula
000095841 SID   L $$c191141$$balli
000095841 SID   L $$c211245$$balma
000095841 SID   L $$c1164605$$bvaari
000095841 SID   L $$c400737$$bvolte
000095841 SID   L $$c156377$$bjuolu
000095841 SID   L $$c10457$$blamk
000095841 SID   L $$c353859$$bfenni
000095841 SID   L $$c612634$$bhelka
000095841 SID   L $$c113581$$btutca
000095841 SID   L $$c(ANDL100008)359102$$bpiki
000095841 CAT   L $$aID-JUOLU$$b$$c20100608$$lFIN01$$h0403
000095841 CAT   L $$aID-ALLI$$b$$c20120205$$lFIN01$$h2103
000095841 CAT   L $$aID-ALLI$$b$$c20120206$$lFIN01$$h2300
000095841 CAT   L $$aCONV-ISBD$$b$$c20120401$$lFIN01$$h2034
000095841 CAT   L $$aLOAD-LAMK$$b$$c20130406$$lFIN01$$h0532
000095841 CAT   L $$aLOAD-FIX$$b$$c20140116$$lFIN01$$h2330
000095841 CAT   L $$aLOAD-FIX$$b$$c20140123$$lFIN01$$h1943
000095841 CAT   L $$aLOAD-FIX$$b$$c20140129$$lFIN01$$h2352
000095841 CAT   L $$aLOAD-KVP$$b$$c20140221$$lFIN01$$h2356
000095841 CAT   L $$aLOAD-HELKA$$b$$c20140510$$lFIN01$$h0245
000095841 CAT   L $$aLOAD-FIX$$b30$$c20141222$$lFIN01$$h1032
000095841 CAT   L $$aFENNI4004$$b30$$c20150129$$lFIN01$$h1100
000095841 CAT   L $$aLOAD-PIKI$$b$$c20150614$$lFIN01$$h0057
000095841 CAT   L $$aLOAD-FIX$$b30$$c20150620$$lFIN01$$h0244
000095841 CAT   L $$aLOAD-FIX$$b30$$c20151222$$lFIN01$$h2140
000095841 CAT   L $$aCONV-RDA$$b$$c20160319$$lFIN01$$h0813
000095841 9001  L $$aHawking, Stephen W.$$yHawking, Stephen
000095841 901   L $$aMM20150129 (100, 900)$$5FENNI
000095841 902   L $$ab$$5FENNI
000095841 908   L $$axxk
000095841 LOW   L $$aALLI
000095841 LOW   L $$aALMA
000095841 LOW   L $$aFENNI
000095841 LOW   L $$aHELKA
000095841 LOW   L $$aJUOLU
000095841 LOW   L $$aJYKDO
000095841 LOW   L $$aOULA
000095841 LOW   L $$aPIKI
000095841 LOW   L $$aTUTCA
000095841 LOW   L $$aVAARI
000095841 LOW   L $$aVOLTE
